[gd_scene load_steps=22 format=2]

[ext_resource path="res://Scene/Actor/Player.gd" type="Script" id=1]
[ext_resource path="res://Assets/Player/stand.png" type="Texture" id=2]
[ext_resource path="res://Assets/Player/dead.png" type="Texture" id=3]
[ext_resource path="res://Assets/Player/dead2.png" type="Texture" id=4]
[ext_resource path="res://Assets/Player/dash1.png" type="Texture" id=5]
[ext_resource path="res://Assets/Player/attack1.png" type="Texture" id=6]
[ext_resource path="res://Assets/Player/attack2.png" type="Texture" id=7]
[ext_resource path="res://Assets/Player/attack3.png" type="Texture" id=8]
[ext_resource path="res://Assets/Player/jump2.png" type="Texture" id=9]
[ext_resource path="res://Assets/Player/walk1.png" type="Texture" id=10]
[ext_resource path="res://Assets/Player/walk2.png" type="Texture" id=11]
[ext_resource path="res://Assets/Player/walk3.png" type="Texture" id=12]
[ext_resource path="res://Assets/Player/walk4.png" type="Texture" id=13]
[ext_resource path="res://Assets/Player/walk5.png" type="Texture" id=14]
[ext_resource path="res://Assets/SoundEffect/House In a Forest Loop.ogg" type="AudioStream" id=15]
[ext_resource path="res://Assets/SoundEffect/gameover.wav" type="AudioStream" id=16]
[ext_resource path="res://Assets/SoundEffect/LASRLIT2.WAV" type="AudioStream" id=17]
[ext_resource path="res://Assets/SoundEffect/146726__leszek-szary__jumping.wav" type="AudioStream" id=18]
[ext_resource path="res://Assets/SoundEffect/349182__natty23__whoosh.wav" type="AudioStream" id=19]

[sub_resource type="RectangleShape2D" id=1]
extents = Vector2( 20.9265, 27.3563 )

[sub_resource type="SpriteFrames" id=2]
animations = [ {
"frames": [ ExtResource( 2 ) ],
"loop": true,
"name": "stand",
"speed": 12.0
}, {
"frames": [ ExtResource( 3 ), ExtResource( 4 ) ],
"loop": true,
"name": "dead",
"speed": 12.0
}, {
"frames": [ ExtResource( 5 ) ],
"loop": true,
"name": "dash",
"speed": 5.0
}, {
"frames": [ ExtResource( 6 ), ExtResource( 7 ), ExtResource( 8 ) ],
"loop": true,
"name": "attack",
"speed": 12.0
}, {
"frames": [ ExtResource( 9 ) ],
"loop": false,
"name": "jump",
"speed": 5.0
}, {
"frames": [ ExtResource( 10 ), ExtResource( 11 ), ExtResource( 12 ), ExtResource( 13 ), ExtResource( 14 ) ],
"loop": true,
"name": "walk",
"speed": 12.0
} ]

[node name="Player" type="KinematicBody2D"]
position = Vector2( -0.425003, -0.296253 )
z_index = 1
script = ExtResource( 1 )

[node name="CollisionShape2D" type="CollisionShape2D" parent="."]
shape = SubResource( 1 )

[node name="AnimatedSprite" type="AnimatedSprite" parent="."]
frames = SubResource( 2 )
animation = "walk"
frame = 4
playing = true

[node name="Position2D" type="Position2D" parent="."]
position = Vector2( 70.6623, 0.418121 )

[node name="DashTimer" type="Timer" parent="."]
wait_time = 0.2
one_shot = true

[node name="DeadTimer" type="Timer" parent="."]
wait_time = 2.0
one_shot = true

[node name="Sound" type="Node2D" parent="."]

[node name="BackGround" type="AudioStreamPlayer2D" parent="Sound"]
stream = ExtResource( 15 )
volume_db = -15.6

[node name="Dead" type="AudioStreamPlayer2D" parent="Sound"]
stream = ExtResource( 16 )

[node name="Laser" type="AudioStreamPlayer2D" parent="Sound"]
stream = ExtResource( 17 )

[node name="Jump" type="AudioStreamPlayer2D" parent="Sound"]
stream = ExtResource( 18 )
volume_db = -20.4

[node name="Dash" type="AudioStreamPlayer2D" parent="Sound"]
stream = ExtResource( 19 )
[connection signal="animation_finished" from="AnimatedSprite" to="." method="_on_AnimatedSprite_animation_finished"]
[connection signal="timeout" from="DashTimer" to="." method="_on_Timer_timeout"]
[connection signal="timeout" from="DeadTimer" to="." method="_on_DeadTimer_timeout"]
